Encoding: UTF-8

%     \bibitem{bib:net} указать нормально источник 
%         \url{http://elementy.ru/news/431450?page_design=print}

%     \bibitem{bib:5} The noninteracting regime, which is frequently called 
%         "Bogomolny limit" is a property of Ginzburg-Landau model where, at 
%         \( \kappa = 1/\sqrt{2} \), the core-core attractive interaction 
%         between vortices exactly cancels the current-current repulsive 
%         interaction. However, in a realistic system extremely close to the 
%         \( \kappa \to 1/\sqrt{2} \) limit one should go beyond the 
%         Ginzburg-Landau description to determine leftover inter-vortex 
%         interactions, because these are then determined not by the fundamental 
%         length scales of the GL theory but by small microscopic effects 
%         leading to non-universal weak vortex interaction potentials. We do not 
%         consider the physics which arises in the Bogomolny limits in this work.

%     \bibitem{bib:21} In the case of independently conserved condensates there 
%         could be entrainment effects [see e.g. A.F. Andreev and E. Bashkin, 
%         Sov. Phys. JETP 42, 164 (1975) leading to different mixed gradient 
%         terms which are quadratic in gradients and quartic in \( \psi_a \) ; 
%         some of the effects of which on vortex physics were considered in 
%         E. Babaev Phys. Rev. B 79, 104506 (2009), and in\cite{bib:14}

%     \bibitem{bib:23} M. Abramowitz and I.A. Stegun, Handbook of Mathematical 
%         Functions (Dover, New York NY, USA, 1972) p. 374.
%     \bibitem{bib:24} E. Babaev, J. Carlstrom, J.M. Speight not published.

@article{shubnikov,
    author   = {Шубников, Л.В. and Хоткевич, В.И. and Шепелев, Ю.Д. and 
        Рябин, Ю.Н.},
    title    = {Магнитные свойства сверхпроводящих металлов и сплавов},
    year     = {1937},
    journal  = {ЖЭТФ},
    volume   = {7},
    number   = {2},
    pages    = {221--237},
    language = {russian}
}

@article{ginzburg-landau,
    author   = {Гинзбург, В.Л. and Ландау, Л.Д.},
    title    = {К теории сверхпроводимости},
    year     = {1950},
    journal  = {ЖЭТФ},
    volume   = {20},
    pages    = {1064},
    language = {russian}
}

@article{ginzburg-landau,
    author   = {Абрикосов, А.А.},
    title    = {О магнитных свойствах сверхпроводников второй группы},
    year     = {1957},
    journal  = {ЖЭТФ},
    volume   = {32},
    number   = {6},
    pages    = {1442--1452},
    language = {russian}
}

@article{ginzburg,
    author   = {Гинзбург, В.Л.},
    title    = {Ферромагнитные сверхпроводники},
    year     = {1956},
    journal  = {ЖЭТФ},
    volume   = {31},
    pages    = {202--210},
    language = {russian}
}

@article{buzdin,
    author   = {Буздин, А.И. and Булаевский, Л.Н. and Панюков, С.В.},
    title    = {Существование сверхпроводящих стенок в ферромагнетике},
    year     = {1984},
    journal  = {ЖЭТФ},
    volume   = {87},
    pages    = {299--309},
    language = {russian}
}

@article{bulaev,
    author   = {Bulaevskii, L.N. and Buzdin, A.I. and Kulic, M.L. and 
        Panyukov, S.V.},
    title    = {Coexistence of superconductivity and magnetism. Theoretical 
        predictions and numerical results},
    year     = {1985},
    journal  = {Advances in Physics},
    volume   = {34},
    number   = {2},
    pages    = {175--261},
}

@article{bib:main,
    title = {Type-1.5 superconductivity in multiband systems: Effects of 
        interband couplings},
    author = {Carlstr\"om, Johan and Babaev, Egor and Speight, Martin},
    journal = {Phys. Rev. B},
    volume = {83},
    issue = {17},
    pages = {174509},
    numpages = {17},
    year = {2011},
    month = {May},
    publisher = {American Physical Society},
    doi = {10.1103/PhysRevB.83.174509},
    url = {http://link.aps.org/doi/10.1103/PhysRevB.83.174509}
}

@article{bib:1,
    title = {Semi-Meissner state and neither type-I nor type-II 
        superconductivity in multicomponent superconductors},
    author = {Babaev, Egor and Speight, Martin},
    journal = {Phys. Rev. B},
    volume = {72},
    issue = {18},
    pages = {180502},
    numpages = {4},
    year = {2005},
    month = {Nov},
    publisher = {American Physical Society},
    doi = {10.1103/PhysRevB.72.180502},
    url = {http://link.aps.org/doi/10.1103/PhysRevB.72.180502}
}

@article{bib:2,
    title = {Type-1.5 Superconducting State from an Intrinsic Proximity Effect 
        in Two-Band Superconductors},
    author = {Babaev, Egor and Carlstr\"om, Johan and Speight, Martin},
    journal = {Phys. Rev. Lett.},
    volume = {105},
    issue = {6},
    pages = {067003},
    numpages = {4},
    year = {2010},
    month = {Aug},
    publisher = {American Physical Society},
    doi = {10.1103/PhysRevLett.105.067003},
    url = {http://link.aps.org/doi/10.1103/PhysRevLett.105.067003}
}

@article{bib:3,
    title = {On the Magnetic Properties of Superconductors of the 
        Second Group},
    author = {Abrikosov A.A.},
    volume = {5},
    number = {6},
    year = {1957},
    month = {June},
    pages = {1442--1452},
    journal = {JEPT}
}

@book{bib:4,
    title={Magnetic Flux Structures in Superconductors: Extended Reprint of a 
        Classic Text},
    author={Huebener, R.},
    isbn={9783540679530},
    lccn={00061911},
    series={Solid-State Sciences Series},
    url={http://books.google.ru/books?id=ECqitKduW74C},
    year={2001},
    pages = {327--332},
    publisher={Springer}
}
%     \bibitem{bib:4} L. Landau, Nature (London, United Kingdom) 141, 688 
%         (1938). R. P. Huebener, Magnetic Flux Structures of Superconductors, 
%         2nd ed. (Springer-Verlag, New-York, 2001). R. Prozorov, A. F. Fidler, 
%         J. Hoberg, P. C. Canfield, Nature Physics 4, 327 - 332 (2008)

@article{bib:6,
    title = {Bardeen-Cooper-Schrieffer Theory of Superconductivity in the Case 
        of Overlapping Bands},
    author = {Suhl, H. and Matthias, B. T. and Walker, L. R.},
    journal = {Phys. Rev. Lett.},
    volume = {3},
    issue = {12},
    pages = {552--554},
    numpages = {0},
    year = {1959},
    month = {Dec},
    publisher = {American Physical Society},
    doi = {10.1103/PhysRevLett.3.552},
    url = {http://link.aps.org/doi/10.1103/PhysRevLett.3.552}
}

@article{bib:7,
    title = {Beyond Eliashberg Superconductivity in MgB2: Anharmonicity, 
        Two-Phonon Scattering, and Multiple Gaps},
    author = {Liu, Amy Y. and Mazin, I. I. and Kortus, Jens},
    journal = {Phys. Rev. Lett.},
    volume = {87},
    issue = {8},
    pages = {087005},
    numpages = {4},
    year = {2001},
    month = {Aug},
    publisher = {American Physical Society},
    doi = {10.1103/PhysRevLett.87.087005},
    url = {http://link.aps.org/doi/10.1103/PhysRevLett.87.087005}
}

@article{bib:8,
    title = {Enhancement of the upper critical field by nonmagnetic impurities 
        in dirty two-gap superconductors},
    author = {Gurevich, A.},
    journal = {Phys. Rev. B},
    volume = {67},
    issue = {18},
    pages = {184515},
    numpages = {13},
    year = {2003},
    month = {May},
    publisher = {American Physical Society},
    doi = {10.1103/PhysRevB.67.184515},
    url = {http://link.aps.org/doi/10.1103/PhysRevB.67.184515}
}

@article{bib:9,
    author = {{Babaev}, E. and {Carlstr{\"o}m}, J. and {Garaud}, J. and 
        {Silaev}, M. and {Speight}, J.~M.},
    title = {Type-1.5 superconductivity in multiband systems: Magnetic 
        response, broken symmetries and microscopic theory - A brief overview},
    journal = {Physica C Superconductivity},
    archivePrefix = {arXiv},
    eprint = {1110.2744},
    primaryClass = {cond-mat.supr-con},
    year = {2012},
    month = {Sep},
    volume = {479},
    pages = {2--14},
    doi = {10.1016/j.physc.2012.01.002},
    adsurl = {http://adsabs.harvard.edu/abs/2012PhyC..479....2B},
    adsnote = {Provided by the SAO/NASA Astrophysics Data System}
}

@article{bib:10,
    title = {Ginzburg-Landau theory of vortices in a multigap superconductor},
    author = {Zhitomirsky, M. E. and Dao, V.-H.},
    journal = {Phys. Rev. B},
    volume = {69},
    issue = {5},
    pages = {054508},
    numpages = {11},
    year = {2004},
    month = {Feb},
    publisher = {American Physical Society},
    doi = {10.1103/PhysRevB.69.054508},
    url = {http://link.aps.org/doi/10.1103/PhysRevB.69.054508}
}

@article{bib:11,
    author = {Ishida, Kenji and Nakai, Yusuke and Hosono, Hideo},
    title = {To What Extent Iron-Pnictide New Superconductors Have Been 
        Clarified: A Progress Report},
    journal = {Journal of the Physical Society of Japan},
    volume = {78},
    number = {6},
    pages = {062001},
    year = {2009},
    doi = {10.1143/JPSJ.78.062001},
    URL = {http://journals.jps.jp/doi/abs/10.1143/JPSJ.78.062001},
    eprint = {http://journals.jps.jp/doi/pdf/10.1143/JPSJ.78.062001}
}

@article{bib:12.1,
    title = {Hydrogen Dominant Metallic Alloys: High Temperature 
        Superconductors?},
    author = {Ashcroft, N. W.},
    journal = {Phys. Rev. Lett.},
    volume = {92},
    issue = {18},
    pages = {187002},
    numpages = {4},
    year = {2004},
    month = {May},
    publisher = {American Physical Society},
    doi = {10.1103/PhysRevLett.92.187002},
    url = {http://link.aps.org/doi/10.1103/PhysRevLett.92.187002}
}

@article{bib:12.2,
    title = {Generalized Coulomb pairing in the condensed state},
    author = {Moulopoulos, K. and Ashcroft, N. W.},
    journal = {Phys. Rev. Lett.},
    volume = {66},
    issue = {22},
    pages = {2915--2918},
    numpages = {0},
    year = {1991},
    month = {Jun},
    publisher = {American Physical Society},
    doi = {10.1103/PhysRevLett.66.2915},
    url = {http://link.aps.org/doi/10.1103/PhysRevLett.66.2915}
}

@article{bib:13,
    title = {Vortex Sublattice Melting in a Two-Component Superconductor},
    author = {Sm\o{}rgrav, E. and Smiseth, J. and Babaev, E. and Sudb\o{}, A.},
    journal = {Phys. Rev. Lett.},
    volume = {94},
    issue = {9},
    pages = {096401},
    numpages = {4},
    year = {2005},
    month = {Mar},
    publisher = {American Physical Society},
    doi = {10.1103/PhysRevLett.94.096401},
    url = {http://link.aps.org/doi/10.1103/PhysRevLett.94.096401}
}

@article{bib:14,
    title = {Phase transitions in a three dimensional 
        \( U(1)\times U(1) \) lattice London 
        superconductor: Metallic superfluid and charge-4e superconducting 
        states},
    author = {Herland, Egil V. and Babaev, Egor and Sudb\o{}, Asle},
    journal = {Phys. Rev. B},
    volume = {82},
    issue = {13},
    pages = {134511},
    numpages = {16},
    year = {2010},
    month = {Oct},
    publisher = {American Physical Society},
    doi = {10.1103/PhysRevB.82.134511},
    url = {http://link.aps.org/doi/10.1103/PhysRevB.82.134511}
}

@article{bib:15,
    title = {Unconventional Rotational Responses of Hadronic Superfluids in a 
        Neutron Star Caused by Strong Entrainment and a $\Sigma${}-
        Hyperon Gap},
    author = {Babaev, Egor},
    journal = {Phys. Rev. Lett.},
    volume = {103},
    issue = {23},
    pages = {231101},
    numpages = {4},
    year = {2009},
    month = {Dec},
    publisher = {American Physical Society},
    doi = {10.1103/PhysRevLett.103.231101},
    url = {http://link.aps.org/doi/10.1103/PhysRevLett.103.231101}
}

@article{bib:16,
    title = {Type-1.5 Superconductivity},
    author = {Moshchalkov, Victor and Menghini, Mariela and Nishio, 
        T. and Chen, Q. H. and Silhanek, A. V. and Dao, V. H. and Chibotaru, 
        L. F. and Zhigadlo, N. D. and Karpinski, J.},
    journal = {Phys. Rev. Lett.},
    volume = {102},
    issue = {11},
    pages = {117001},
    numpages = {4},
    year = {2009},
    month = {Mar},
    publisher = {American Physical Society},
    doi = {10.1103/PhysRevLett.102.117001},
    url = {http://link.aps.org/doi/10.1103/PhysRevLett.102.117001}
}

@article{bib:17,
    title = {Scanning SQUID microscopy of vortex clusters in multiband 
        superconductors},
    author = {Nishio, Taichiro and Dao, Vu Hung and Chen, Qinghua and 
        Chibotaru, Liviu F. and Kadowaki, Kazuo and Moshchalkov, Victor V.},
    journal = {Phys. Rev. B},
    volume = {81},
    issue = {2},
    pages = {020506},
    numpages = {4},
    year = {2010},
    month = {Jan},
    publisher = {American Physical Society},
    doi = {10.1103/PhysRevB.81.020506},
    url = {http://link.aps.org/doi/10.1103/PhysRevB.81.020506}
}

@article{bib:18,
    title = {Giant vortices, rings of vortices, and reentrant behavior in 
        type-1.5 superconductors},
    author = {Dao, V. H. and Chibotaru, L. F. and Nishio, T. and 
        Moshchalkov, V. V.},
    journal = {Phys. Rev. B},
    volume = {83},
    issue = {2},
    pages = {020503},
    numpages = {4},
    year = {2011},
    month = {Jan},
    publisher = {American Physical Society},
    doi = {10.1103/PhysRevB.83.020503},
    url = {http://link.aps.org/doi/10.1103/PhysRevB.83.020503}
}

@article{bib:19,
    title = {Static intervortex forces},
    author = {Speight, J. M.},
    journal = {Phys. Rev. D},
    volume = {55},
    issue = {6},
    pages = {3830--3835},
    numpages = {0},
    year = {1997},
    month = {Mar},
    publisher = {American Physical Society},
    doi = {10.1103/PhysRevD.55.3830},
    url = {http://link.aps.org/doi/10.1103/PhysRevD.55.3830}
}

@article{bib:20,
    title = {The Behavior at Infinity of Isotropic Vortices and Monopoles},
    author = {Plohr, B. and J. Math},
    journal = {Phys.},
    volume = {22},
    pages = {2184--2190},
    year = {1981}
}

@article{bib:22.1,
    title = {Vortices with Fractional Flux in Two-Gap Superconductors and in 
        Extended Faddeev Model},
    author = {Babaev, Egor},
    journal = {Phys. Rev. Lett.},
    volume = {89},
    issue = {6},
    pages = {067001},
    numpages = {4},
    year = {2002},
    month = {Jul},
    publisher = {American Physical Society},
    doi = {10.1103/PhysRevLett.89.067001},
    url = {http://link.aps.org/doi/10.1103/PhysRevLett.89.067001}
}

@article{bib:22.2,
    title = {Magnetic Field Delocalization and Flux Inversion in Fractional 
        Vortices in Two-Component Superconductors},
    author = {Babaev, Egor and J\"aykk\"a, Juha and Speight, Martin},
    journal = {Phys. Rev. Lett.},
    volume = {103},
    issue = {23},
    pages = {237002},
    numpages = {4},
    year = {2009},
    month = {Dec},
    publisher = {American Physical Society},
    doi = {10.1103/PhysRevLett.103.237002},
    url = {http://link.aps.org/doi/10.1103/PhysRevLett.103.237002}
}

@article{bib:22.3,
    title = {Stable fractional flux vortices and unconventional magnetic state 
        in two-component superconductors},
    author = {Silaev, M. A.},
    journal = {Phys. Rev. B},
    volume = {83},
    issue = {14},
    pages = {144519},
    numpages = {10},
    year = {2011},
    month = {Apr},
    publisher = {American Physical Society},
    doi = {10.1103/PhysRevB.83.144519},
    url = {http://link.aps.org/doi/10.1103/PhysRevB.83.144519}
}

@article{bib:25,
    author = {{Silaev}, M. and {Babaev}, E.},
    title = {Microscopic theory of type-1.5 superconductivity in multiband 
        systems},
    journal = {\prb},
    archivePrefix = {arXiv},
    eprint = {1102.5734},
    primaryClass = {cond-mat.supr-con},
    keywords = {BCS theory and its development, Tunneling, 
        Magnetic properties},
    year = {2011},
    month = {Sep},
    volume = {84},
    number = {9},
    eid = {094515},
    pages = {094515},
    doi = {10.1103/PhysRevB.84.094515},
    adsurl = {http://adsabs.harvard.edu/abs/2011PhRvB..84i4515S},
    adsnote = {Provided by the SAO/NASA Astrophysics Data System}
}

@article{bib:26,
    title = {A model unified field equation},
    author = {J.K. Perring and T.H.R. Skyrme},
    journal = {Nuclear Physics},
    volume = {31},
    number = {0},
    pages = {550--555},
    year = {1962},
    issn = {0029-5582},
    doi = {http://dx.doi.org/10.1016/0029-5582(62)90774-5},
    url = {http://www.sciencedirect.com/science/article/pii/0029558262907745}
}